@article{chen2011removing,
  title={Removing batch effects in analysis of expression microarray data: an evaluation of six batch adjustment methods},
  author={Chen, Chao and Grennan, Kay and Badner, Judith and Zhang, Dandan and Gershon, Elliot and Jin, Li and Liu, Chunyu},
  journal={PloS one},
  volume={6},
  number={2},
  pages={e17238},
  year={2011},
  publisher={Public Library of Science}
}
@article{johnson2007adjusting,
  title={Adjusting batch effects in microarray expression data using empirical Bayes methods},
  author={Johnson, W Evan and Li, Cheng and Rabinovic, Ariel},
  journal={Biostatistics},
  volume={8},
  number={1},
  pages={118--127},
  year={2007},
  publisher={Biometrika Trust}
}
@article{siska2017differential,
  title={Differential correlation for sequencing data},
  author={Siska, Charlotte and Kechris, Katerina},
  journal={BMC Research Notes},
  volume={10},
  number={1},
  pages={54},
  year={2017},
  publisher={BioMed Central}
}
@article{benito2004adjustment,
  title={Adjustment of systematic microarray data biases},
  author={Benito, Monica and Parker, Joel and Du, Quan and Wu, Junyuan and Xiang, Dong and Perou, Charles M and Marron, James Stephen},
  journal={Bioinformatics},
  volume={20},
  number={1},
  pages={105--114},
  year={2004},
  publisher={Oxford Univ Press}
}
@article{leek2007capturing,
  title={Capturing heterogeneity in gene expression studies by surrogate variable analysis},
  author={Leek, Jeffrey T and Storey, John D},
  journal={PLoS Genet},
  volume={3},
  number={9},
  pages={e161},
  year={2007},
  publisher={Public Library of Science}
}
@article{furlotte2011mixed,
  title={Mixed-model coexpression: calculating gene coexpression while accounting for expression heterogeneity},
  author={Furlotte, Nicholas A and Kang, Hyun Min and Ye, Chun and Eskin, Eleazar},
  journal={Bioinformatics},
  volume={27},
  number={13},
  pages={i288--i294},
  year={2011},
  publisher={Oxford Univ Press}
}
@article{friedman2008sparse,
  title={Sparse inverse covariance estimation with the graphical lasso},
  author={Friedman, Jerome and Hastie, Trevor and Tibshirani, Robert},
  journal={Biostatistics},
  volume={9},
  number={3},
  pages={432--441},
  year={2008},
  publisher={Biometrika Trust}
}
@article{bien2011sparse,
  title={Sparse estimation of a covariance matrix},
  author={Bien, Jacob and Tibshirani, Robert J and others},
  journal={Biometrika},
  volume={98},
  number={4},
  pages={807},
  year={2011}
}
@article{de2010differential,
  title={From 'differential expression'to 'differential networking'--identification of dysfunctional regulatory networks in diseases},
  author={de la Fuente, Alberto},
  journal={Trends in genetics},
  volume={26},
  number={7},
  pages={326--333},
  year={2010},
  publisher={Elsevier}
}
@article{langmead2009ultrafast,
  title={Ultrafast and memory-efficient alignment of short DNA sequences to the human genome},
  author={Langmead, Ben and Trapnell, Cole and Pop, Mihai and Salzberg, Steven L},
  journal={Genome biology},
  volume={10},
  number={3},
  pages={R25},
  year={2009},
  publisher={BioMed Central}
}
@article{liao2014featurecounts,
  title={featureCounts: an efficient general purpose program for assigning sequence reads to genomic features},
  author={Liao, Yang and Smyth, Gordon K and Shi, Wei},
  journal={Bioinformatics},
  volume={30},
  number={7},
  pages={923--930},
  year={2014},
  publisher={Oxford Univ Press}
}
